%/ My Published papers
%/====================================================================================

@inproceedings{Mine_BiLSTM,
  title={Bidirectional LSTM for continuously predicting QoE in HTTP adaptive streaming},
  author={Duc, Tho Nguyen and Tran, Chanh Minh and Tan, Phan Xuan and Kamioka, Eiji},
  booktitle={Proceedings of the 2019 2nd International Conference on Information Science and Systems},
  pages={156--160},
  year={2019}
}

@article{Mine_Cumulative,
  title={Modeling of cumulative QoE in on-demand video services: Role of memory effect and degree of interest},
  author={Nguyen Duc, Tho and Minh Tran, Chanh and Tan, Phan Xuan and Kamioka, Eiji},
  journal={Future Internet},
  volume={11},
  number={8},
  pages={171},
  year={2019},
  publisher={Multidisciplinary Digital Publishing Institute}
}

@ARTICLE{Mine_CNN,
  author={T. N. {Duc} and C. T. {Minh} and T. P. {Xuan} and E. {Kamioka}},
  journal={IEEE Access}, 
  title={Convolutional Neural Networks for Continuous QoE Prediction in Video Streaming Services}, 
  year={2020},
  volume={8},
  number={},
  pages={116268-116278},
  doi={10.1109/ACCESS.2020.3004125},
  ISSN={2169-3536},
  month={},}

%/ Background
%/====================================================================================

@article{QoEDef_Qualinet,
  title={Qualinet white paper on definitions of quality of experience},
  author={Le Callet, Patrick and M{\"o}ller, Sebastian and Perkis, Andrew and others},
  journal={European network on quality of experience in multimedia systems and services (COST Action IC 1003)},
  volume={3},
  number={2012},
  year={2012},
  publisher={Version 1.1}
}

@article{QoEDef_ITU,
author = {{International Telecommunication Union}},
number = {P.10/G.100},
title = {{Recommendation ITU-T P,10/G.100 Vocabulary for Performance, Quality of Service and Quality of Experience}},
year = {2017}
}

@article{QoEAss_ITU,
author = {{International Telecommunication Union}},
journal = {International Telecommunication Union, Geneva, Switzerland, ITU-Recommendation},
pages = {22},
title = {{Methods for subjective determination of transmission quality}},
volume = {800},
year = {1996}
}


%/ BiLSTM
%/====================================================================================
@article{BiLSTM_TrafficSpeed,
  title={Deep bidirectional and unidirectional LSTM recurrent neural network for network-wide traffic speed prediction},
  author={Cui, Zhiyong and Ke, Ruimin and Pu, Ziyuan and Wang, Yinhai},
  journal={arXiv preprint arXiv:1801.02143},
  year={2018}
}

@inproceedings{BiLSTM_HybridSpeech,
  title={Hybrid speech recognition with deep bidirectional LSTM},
  author={Graves, Alex and Jaitly, Navdeep and Mohamed, Abdel-rahman},
  booktitle={2013 IEEE workshop on automatic speech recognition and understanding},
  pages={273--278},
  year={2013},
  organization={IEEE}
}

@inproceedings{BiLSTM_NonNativeSpeech,
  title={Using bidirectional LSTM recurrent neural networks to learn high-level abstractions of sequential features for automated scoring of non-native spontaneous speech},
  author={Yu, Zhou and Ramanarayanan, Vikram and Suendermann-Oeft, David and Wang, Xinhao and Zechner, Klaus and Chen, Lei and Tao, Jidong and Ivanou, Aliaksei and Qian, Yao},
  booktitle={2015 IEEE Workshop on Automatic Speech Recognition and Understanding (ASRU)},
  pages={338--345},
  year={2015},
  organization={IEEE}
}


%/ QABR
%/====================================================================================

@article{QABR_Chanh,
  author = {Tran, Chanh Minh and Nguyen Duc, Tho and Tan, Phan Xuan and Kamioka, Eiji},
  year = {2019},
  month = {09},
  pages = {138-144},
  title = {QABR: A QoE-Based Approach to Adaptive Bitrate Selection in Video Streaming Services},
  volume = {8},
  journal = {International Journal of Advanced Trends in Computer Science and Engineering},
  doi = {10.30534/ijatcse/2019/2181.42019}
}

@article{QABR_DeepQ,
  author = {Liu, Jie and Tao, Xiaoming and Lu, Jianhua},
  year = {2018},
  month = {12},
  pages = {},
  title = {QoE-Oriented Rate Adaptation for DASH with Enhanced Deep Q-Learning},
  journal = {IEEE Access},
  doi = {10.1109/ACCESS.2018.2889999,}
}

%/ CNN reasons
%/====================================================================================

@article{CNN_TextClassification,
  author = {Xiang Zhang and Junbo Jake Zhao and Yann LeCun},
  title = {Character-level Convolutional Networks for Text Classification},
  journal = {CoRR},
  volume = {abs/1509.01626},
  year = {2015},
  url = {http://arxiv.org/abs/1509.01626},
  archivePrefix = {arXiv},
  eprint = {1509.01626},
  timestamp = {Mon, 13 Aug 2018 16:46:21 +0200},
  biburl = {https://dblp.org/rec/bib/journals/corr/ZhangZL15},
  bibsource = {dblp computer science bibliography, https://dblp.org}
}

@article{CNN_Seq2Seq,
  author    = {Jonas Gehring and
               Michael Auli and
               David Grangier and
               Denis Yarats and
               Yann N. Dauphin},
  title     = {Convolutional Sequence to Sequence Learning},
  journal   = {CoRR},
  volume    = {abs/1705.03122},
  year      = {2017},
  url       = {http://arxiv.org/abs/1705.03122},
  archivePrefix = {arXiv},
  eprint    = {1705.03122},
  timestamp = {Mon, 13 Aug 2018 16:48:03 +0200},
  biburl    = {https://dblp.org/rec/bib/journals/corr/GehringAGYD17},
  bibsource = {dblp computer science bibliography, https://dblp.org}
}

@article{CNN_ImageGeneration,
  author    = {A{\"{a}}ron van den Oord and
               Nal Kalchbrenner and
               Oriol Vinyals and
               Lasse Espeholt and
               Alex Graves and
               Koray Kavukcuoglu},
  title     = {Conditional Image Generation with PixelCNN Decoders},
  journal   = {CoRR},
  volume    = {abs/1606.05328},
  year      = {2016},
  url       = {http://arxiv.org/abs/1606.05328},
  archivePrefix = {arXiv},
  eprint    = {1606.05328},
  timestamp = {Mon, 13 Aug 2018 16:46:40 +0200},
  biburl    = {https://dblp.org/rec/bib/journals/corr/OordKVEGK16},
  bibsource = {dblp computer science bibliography, https://dblp.org}
}

@article{CNN_ImageCaptioning,
  author    = {Jyoti Aneja and
               Aditya Deshpande and
               Alexander G. Schwing},
  title     = {Convolutional Image Captioning},
  journal   = {CoRR},
  volume    = {abs/1711.09151},
  year      = {2017},
  url       = {http://arxiv.org/abs/1711.09151},
  archivePrefix = {arXiv},
  eprint    = {1711.09151},
  timestamp = {Mon, 13 Aug 2018 16:47:45 +0200},
  biburl    = {https://dblp.org/rec/bib/journals/corr/abs-1711-09151},
  bibsource = {dblp computer science bibliography, https://dblp.org}
}

%/ TCN reasons
%/====================================================================================



%/ Architecture
%/====================================================================================

@article{Network_TCN,
  author = {Shaojie Bai and J. Zico Kolter and Vladlen Koltun},
  title = {An Empirical Evaluation of Generic Convolutional and Recurrent Networks for Sequence Modeling},
  journal = {CoRR},
  volume = {abs/1803.01271},
  year = {2018},
  url = {http://arxiv.org/abs/1803.01271},
  archivePrefix = {arXiv},
  eprint = {1803.01271},
  timestamp = {Mon, 13 Aug 2018 16:47:39 +0200},
  biburl = {https://dblp.org/rec/bib/journals/corr/abs-1803-01271},
  bibsource = {dblp computer science bibliography, https://dblp.org}
}

@article{Network_Wavenet,
  title={Wavenet: A generative model for raw audio},
  author={Oord, Aaron van den and Dieleman, Sander and Zen, Heiga and Simonyan, Karen and Vinyals, Oriol and Graves, Alex and Kalchbrenner, Nal and Senior, Andrew and Kavukcuoglu, Koray},
  journal={arXiv preprint arXiv:1609.03499},
  year={2016}
}

@incollection{Network_Dilated1,
  title={An implementation of the “algorithme {\`a} trous” to compute the wavelet transform},
  author={Dutilleux, Pierre},
  booktitle={Wavelets},
  pages={298--304},
  year={1990},
  publisher={Springer}
}
@article{Network_Dilated2,
  title={Multi-scale context aggregation by dilated convolutions},
  author={Yu, Fisher and Koltun, Vladlen},
  journal={arXiv preprint arXiv:1511.07122},
  year={2015}
}
@article{Network_Dilated3,
  title={Deeplab: Semantic image segmentation with deep convolutional nets, atrous convolution, and fully connected crfs},
  author={Chen, Liang-Chieh and Papandreou, George and Kokkinos, Iasonas and Murphy, Kevin and Yuille, Alan L},
  journal={IEEE transactions on pattern analysis and machine intelligence},
  volume={40},
  number={4},
  pages={834--848},
  year={2017},
  publisher={IEEE}
}

@INPROCEEDINGS{Network_Residual1,
  author={K. {He} and X. {Zhang} and S. {Ren} and J. {Sun}},
  booktitle={2016 IEEE Conference on Computer Vision and Pattern Recognition (CVPR)},
  title={Deep Residual Learning for Image Recognition},
  year={2016},
  volume={},
  number={},
  pages={770-778},
  doi={10.1109/CVPR.2016.90},
  ISSN={},
  month={June},
}

@inproceedings{Network_WeightNorm1,
  title={Weight normalization: A simple reparameterization to accelerate training of deep neural networks},
  author={Salimans, Tim and Kingma, Durk P},
  booktitle={Advances in Neural Information Processing Systems},
  pages={901--909},
  year={2016}
}

@article{Network_Dropout1,
  title={Dropout: a simple way to prevent neural networks from overfitting},
  author={Srivastava, Nitish and Hinton, Geoffrey and Krizhevsky, Alex and Sutskever, Ilya and Salakhutdinov, Ruslan},
  journal={The journal of machine learning research},
  volume={15},
  number={1},
  pages={1929--1958},
  year={2014},
  publisher={JMLR. org}
}


@misc{SeLU,
  title={Self-Normalizing Neural Networks},
  author={Günter Klambauer and Thomas Unterthiner and Andreas Mayr and Sepp Hochreiter},
  year={2017},
  eprint={1706.02515},
  archivePrefix={arXiv},
  primaryClass={cs.LG}
}
@inproceedings{Network_Relu,
  title={Rectified linear units improve restricted boltzmann machines},
  author={Nair, Vinod and Hinton, Geoffrey E},
  booktitle={Proceedings of the 27th international conference on machine learning (ICML-10)},
  pages={807--814},
  year={2010}
}

@inproceedings{Network_ReceptiveField_3,
  title={Ms-tcn: Multi-stage temporal convolutional network for action segmentation},
  author={Farha, Yazan Abu and Gall, Jurgen},
  booktitle={Proceedings of the IEEE Conference on Computer Vision and Pattern Recognition},
  pages={3575--3584},
  year={2019}
}




%/ Survey QoE
%/====================================================================================

@article{Survey_MobileQoEPrediction,
  title = "Mobile QoE prediction in the field",
  journal = "Pervasive and Mobile Computing",
  volume = "59",
  pages = "101039",
  year = "2019",
  issn = "1574-1192",
  doi = "https://doi.org/10.1016/j.pmcj.2019.101039",
  url = "http://www.sciencedirect.com/science/article/pii/S1574119218307673",
  author = "E. Boz and B. Finley and A. Oulasvirta and K. Kilkki and J. Manner",
}

@article{Survey_QoE,
  author = {Seufert, Michael and Egger, Sebastian and Slanina, Martin and Zinner, Thomas and Ho{\ss}feld, Tobias and Tran-Gia, Phuoc},
  doi = {10.1109/COMST.2014.2360940},
  issn = {1553-877X},
  journal = {IEEE Communications Surveys {\&} Tutorials},
  number = {1},
  pages = {469--492},
  title = {{A Survey on Quality of Experience of HTTP Adaptive Streaming}},
  url = {http://ieeexplore.ieee.org/lpdocs/epic03/wrapper.htm?arnumber=6913491},
  volume = {17},
  year = {2015}
}

@ARTICLE{Survey_QoEModeling,
  author={N. {Barman} and M. G. {Martini}}, 
  journal={IEEE Access}, 
  title={QoE Modeling for HTTP Adaptive Video Streaming-A Survey and Open Challenges}, 
  year={2019}, 
  volume={7}, 
  number={}, 
  pages={30831-30859}, 
  doi={10.1109/ACCESS.2019.2901778}, 
  ISSN={2169-3536}, 
  month={},
}

@article{EffectSizesOfInfluenceFactors,
  author = {Ho{\ss}feld, Tobias and Seufert, Michael and Sieber, Christian and Zinner, Thomas},
  doi = {10.1109/QoMEX.2014.6982305},
  isbn = {9781479965366},
  journal = {2014 Sixth International Workshop on Quality of Multimedia Experience (QoMEX)},
  pages = {111--116},
  publisher = {IEEE},
  title = {{Assessing Effect Sizes of Influence Factors Towards a QoE Model for HTTP Adaptive Streaming}},
  year = {2014}
}


%/====================================================================================
%/ Perceptual factors
%/====================================================================================
@article{STRRED, 
  author={R. {Soundararajan} and A. C. {Bovik}}, 
  journal={IEEE Transactions on Circuits and Systems for Video Technology}, 
  title={Video Quality Assessment by Reduced Reference Spatio-Temporal Entropic Differencing}, 
  year={2013}, 
  volume={23}, 
  number={4}, 
  pages={684-694}, 
  doi={10.1109/TCSVT.2012.2214933}, 
  ISSN={1051-8215}, 
  month={April},
}

@inproceedings{MSSSIM, 
  author={Z. {Wang} and E. P. {Simoncelli} and A. C. {Bovik}}, 
  booktitle={The Thrity-Seventh Asilomar Conference on Signals, Systems Computers, 2003}, 
  title={Multiscale structural similarity for image quality assessment}, 
  year={2003}, 
  volume={2}, 
  number={}, 
  pages={1398-1402 Vol.2}, 
  doi={10.1109/ACSSC.2003.1292216}, 
  ISSN={}, 
  month={Nov},
}

@article{PSNR,
  author={K. {Seshadrinathan} and R. {Soundararajan} and A. C. {Bovik} and L. K. {Cormack}},
  journal={IEEE Transactions on Image Processing},
  title={Study of Subjective and Objective Quality Assessment of Video},
  year={2010},
  volume={19},
  number={6},
  pages={1427-1441},
  doi={10.1109/TIP.2010.2042111},
  ISSN={1941-0042},
  month={June},
}

@article{Recency,
  title={Recency and duration neglect in subjective assessment of television picture quality},
  author={Hands, David S and Avons, SE},
  journal={Applied Cognitive Psychology: The Official Journal of the Society for Applied Research in Memory and Cognition},
  volume={15},
  number={6},
  pages={639--657},
  year={2001},
  publisher={Wiley Online Library}
}



%/====================================================================================
%/ Databases
%/====================================================================================
@article{LFOVIA,
  author = {Eswara, Nagabhushan and Manasa, K. and Kommineni, Avinash and Chakraborty, Soumen and Sethuram, Hemanth P. and Kuchi, Kiran and Kumar, Abhinav and Channappayya, Sumohana S.},
  doi = {10.1109/TCSVT.2017.2742601},
  issn = {1051-8215},
  journal = {IEEE Transactions on Circuits and Systems for Video Technology},
  month = {nov},
  number = {11},
  pages = {3236--3250},
  title = {{A Continuous QoE Evaluation Framework for Video Streaming Over HTTP}},
  url = {https://ieeexplore.ieee.org/document/8013810/},
  volume = {28},
  year = {2018}
}

@article{NetflixQoE,
  author = {Bampis, Christos George and Li, Zhi and Moorthy, Anush Krishna and Katsavounidis, Ioannis and Aaron, Anne and Bovik, Alan Conrad},
  doi = {10.1109/TIP.2017.2729891},
  issn = {1057-7149},
  journal = {IEEE Transactions on Image Processing},
  month = {nov},
  number = {11},
  pages = {5217--5231},
  title = {{Study of Temporal Effects on Subjective Video Quality of Experience}},
  url = {http://ieeexplore.ieee.org/document/7987076/},
  volume = {26},
  year = {2017}
}

@article{StallingEvents,
  author = {Ghadiyaram, Deepti and Pan, Janice and Bovik, Alan C.},
  doi = {10.1109/TCSVT.2017.2768542},
  issn = {10518215},
  journal = {IEEE Transactions on Circuits and Systems for Video Technology},
  number = {1},
  pages = {183--197},
  title = {{A Subjective and Objective Study of Stalling Events in Mobile Streaming Videos}},
  url = {http://ieeexplore.ieee.org/document/8093636/},
  volume = {29},
  year = {2019}
}

@techreport{NetflixIIQoE,
  archivePrefix = {arXiv},
  arxivId = {1808.03898v1},
  author = {Bampis, Christos G and Li, Zhi and Katsavounidis, Ioannis and Huang, Te-Yuan and Ekanadham, Chaitanya and Bovik, Alan C},
  eprint = {1808.03898v1},
  title = {{Towards Perceptually Optimized End-to-end Adaptive Video Streaming}},
  url = {http://live.ece.utexas.edu/research/LIVE}
}


%/====================================================================================
%/ Mobile QoE models
%/====================================================================================
@inproceedings{QoEModel_Mobile_ML,
  author = {Casas, Pedro and D'Alconzo, Alessandro and Wamser, Florian and Seufert, Michael and Gardlo, Bruno and Schwind, Anika and Tran-Gia, Phuoc and Schatz, Raimund},
  year = {2017},
  month = {05},
  pages = {1-6},
  title = {Predicting QoE in cellular networks using machine learning and in-smartphone measurements},
  doi = {10.1109/QoMEX.2017.7965687}
}

%/====================================================================================
%/ Perceptual Overall QoE models
%/====================================================================================

@INPROCEEDINGS{QoEModel_OP_EstimatingQoE, 
  author={J. {De Vriendt} and D. {De Vleeschauwer} and D. {Robinson}}, 
  booktitle={2013 IFIP/IEEE International Symposium on Integrated Network Management (IM 2013)}, 
  title={Model for estimating QoE of video delivered using HTTP adaptive streaming}, 
  year={2013}, 
  volume={}, 
  number={}, 
  pages={1288-1293}, 
  doi={}, 
  ISSN={1573-0077}, 
  month={May},
}

@article{QoEModel_OP_DerivingValidatingUserExperience,
  author={Y. {Liu} and S. {Dey} and F. {Ulupinar} and M. {Luby} and Y. {Mao}}, 
  journal={IEEE Transactions on Broadcasting}, 
  title={Deriving and Validating User Experience Model for DASH Video Streaming}, 
  year={2015}, 
  volume={61}, 
  number={4}, 
  pages={651-665}, 
  doi={10.1109/TBC.2015.2460611}, 
  ISSN={0018-9316}, 
  month={Dec},
}

@ARTICLE{QoEModel_OP_VideoQualityMetric,
  author={D. {Zegarra Rodríguez} and R. {Lopes Rosa} and E. {Costa Alfaia} and J. {Issy Abrahão} and G. {Bressan}}, 
  journal={IEEE Transactions on Broadcasting}, 
  title={Video Quality Metric for Streaming Service Using DASH Standard}, 
  year={2016}, 
  volume={62}, 
  number={3}, 
  pages={628-639}, 
  doi={10.1109/TBC.2016.2570012}, 
  ISSN={0018-9316}, 
  month={Sep.},
}


%/====================================================================================
%/ Perceptual Instantaneous QoE models
%/====================================================================================
@article{QoEModel_TimeVaryingSubjectiveQuality,
  author = {{Chao Chen} and {Lark Kwon Choi} and de Veciana, Gustavo and Caramanis, Constantine and Heath, Robert W. and Bovik, Alan C.},
  doi = {10.1109/TIP.2014.2312613},
  issn = {1057-7149},
  journal = {IEEE Transactions on Image Processing},
  month = {may},
  number = {5},
  pages = {2206--2221},
  title = {{Modeling the Time-Varying Subjective Quality of HTTP Video Streams With Rate Adaptations}},
  url = {http://ieeexplore.ieee.org/document/6775292/},
  volume = {23},
  year = {2014}
}

@INPROCEEDINGS{QoeModel_ShortLongTermQualityModel, 
  author={M. N. {Garcia} and W. {Robitza} and A. {Raake}}, 
  booktitle={2015 Seventh International Workshop on Quality of Multimedia Experience (QoMEX)}, 
  title={On the accuracy of short-term quality models for long-term quality prediction}, 
  year={2015}, 
  volume={}, 
  number={}, 
  pages={1-6}, 
  doi={10.1109/QoMEX.2015.7148123}, 
  ISSN={}, 
  month={May},
}

@INPROCEEDINGS{QoEModel_BitrateDistribution, 
  author={Y. {Shen} and Y. {Liu} and Q. {Liu} and D. {Yang}}, 
  booktitle={2014 IEEE International Conference on Communications Workshops (ICC)}, 
  title={A method of QoE evaluation for adaptive streaming based on bitrate distribution}, 
  year={2014}, 
  volume={}, 
  number={}, 
  pages={551-556}, 
  doi={10.1109/ICCW.2014.6881256}, 
  ISSN={2164-7038}, 
  month={June},
}

@article{QoEModel_NARX_DynamicNetworks,
  author = {Bampis, Christos G. and Li, Zhi and Bovik, Alan C.},
  doi = {10.1109/LSP.2017.2705423},
  issn = {1070-9908},
  journal = {IEEE Signal Processing Letters},
  month = {jul},
  number = {7},
  pages = {1083--1087},
  title = {{Continuous Prediction of Streaming Video QoE Using Dynamic Networks}},
  url = {http://ieeexplore.ieee.org/document/7931662/},
  volume = {24},
  year = {2017}
}

@article{QoEModel_AugmentedAutoregressive,
  title={An augmented autoregressive approach to HTTP video stream quality prediction},
  author={Bampis, Christos G and Bovik, Alan C},
  journal={arXiv preprint arXiv:1707.02709},
  year={2017}
}

%/ LFOVIA

@article{QoEModel_OM_DistortionsRebuffMemory,
  title={Learning to predict streaming video QoE: Distortions, rebuffering and memory},
  author={Bampis, Christos G and Bovik, Alan C},
  journal={arXiv preprint arXiv:1703.00633},
  year={2017}
}

@article{QoEModel_TVQoE_ContinuousTimeQoE,
  author = {Ghadiyaram, Deepti and Pan, Janice and Bovik, Alan C.},
  doi = {10.1109/TIP.2018.2790347},
  issn = {1057-7149},
  journal = {IEEE Transactions on Image Processing},
  month = {may},
  number = {5},
  pages = {2257--2271},
  title = {{Learning a Continuous-Time Streaming Video QoE Model}},
  url = {http://ieeexplore.ieee.org/document/8247250/},
  volume = {27},
  year = {2018}
}

@inproceedings{QoEModel_NLSS,
  author = {Eswara, Nagabhushan and Sethuram, Hemanth P. and Chakraborty, Soumen and Kuchi, Kiran and Kumar, Abhinav and Channappayya, Sumohana S.},
  booktitle = {2018 IEEE International Conference on Multimedia and Expo (ICME)},
  doi = {10.1109/ICME.2018.8486557},
  isbn = {978-1-5386-1737-3},
  month = {jul},
  pages = {1--6},
  publisher = {IEEE},
  title = {{Modeling Continuous Video QoE Evolution: A State Space Approach}},
  url = {https://ieeexplore.ieee.org/document/8486557/},
  year = {2018}
}

@article{QoEModel_LSTM,
  author={N. {Eswara} and S. {Ashique} and A. {Panchbhai} and S. {Chakraborty} and H. P. {Sethuram} and K. {Kuchi} and A. {Kumar} and S. S. {Channappayya}}, 
  journal={IEEE Transactions on Circuits and Systems for Video Technology}, 
  title={Streaming Video QoE Modeling and Prediction: A Long Short-Term Memory Approach}, 
  year={2019}, 
  volume={}, 
  number={}, 
  pages={1-1}, 
  doi={10.1109/TCSVT.2019.2895223}, 
  ISSN={1051-8215}, 
  month={}
}

@article{QoEModel_3D,
  author = {Liu, Yanwei and Ci, Song and Tang, Hui and Ye, Yun and Liu, Jinxia},
  title = {QoE-Oriented 3D Video Transcoding for Mobile Streaming},
  year = {2012},
  issue_date = {September 2012},
  publisher = {Association for Computing Machinery},
  address = {New York, NY, USA},
  volume = {8},
  number = {3s},
  issn = {1551-6857},
  url = {https://doi.org/10.1145/2348816.2348821},
  doi = {10.1145/2348816.2348821},
  journal = {ACM Trans. Multimedia Comput. Commun. Appl.},
  month = oct,
  articleno = {Article 42},
  numpages = {20},
}

@inproceedings{AndroidAIBenchmark,
  title={Ai benchmark: Running deep neural networks on android smartphones},
  author={Ignatov, Andrey and Timofte, Radu and Chou, William and Wang, Ke and Wu, Max and Hartley, Tim and Van Gool, Luc},
  booktitle={Proceedings of the European Conference on Computer Vision (ECCV)},
  pages={0--0},
  year={2018}
}


%/====================================================================================
%/ Memory Effects
%/====================================================================================
@article{MemoryEffects_WebQoE,
  author = {Ho{\ss}feld, Tobias and Biedermann, Sebastian and Schatz, Raimund and Platzer, Alexander and Egger, Sebastian and Fiedler, Markus},
  journal = {2011 23rd International Teletraffic Congress (ITC)},
  title = {{The memory effect and its implications on Web QoE modeling}},
  url = {https://www.semanticscholar.org/paper/The-memory-effect-and-its-implications-on-Web-QoE-Ho{\ss}feld-Biedermann/9512a8c21c4c38b6258c529b2db5932b9df364d2},
  year = {2011}
}

@article{Ebbinghaus_ForgettingCurve,
  author = {Ebbinghaus, Hermann},
  doi = {10.5214/ans.0972.7531.200408},
  issn = {0972-7531},
  journal = {Annals of neurosciences},
  month = {oct},
  number = {4},
  pages = {155--156},
  publisher = {Indian Academy of Neurosciences},
  title = {{Memory: a contribution to experimental psychology}},
  url = {https://www.ncbi.nlm.nih.gov/pubmed/25206041 https://www.ncbi.nlm.nih.gov/pmc/PMC4117135/},
  volume = {20},
  year = {2013}
}

@article{TwoComponentsOfMemory,
  author = {Murakowski, J.A. and Wozniak, P.A. and Gorzelanczyk, E.J.},
  journal = {Acta Neurobiologiae Experimentalis},
  keywords = {learning,long-term potentiation,memory,paired-associate learning,repetitions,spacing,spacing effect,synapse},
  pages = {301 -- 305},
  title = {{Two components of long-term memory}},
  volume = {55},
  year = {1995}
}


@ARTICLE{EvaluatingForgettingCurves,
    author = {Geoffrey R. Loftus},
    title = {Evaluating forgetting curves},
    journal = {Journal of Experimental Psychology: Learning, Memory, and Cognition},
    year = {1985},
    pages = {397--406}
}

@article{UserForgetful,
  title={Towards Perceptually Optimized End-to-end Adaptive Video Streaming},
  author={Bampis, Christos G and Li, Zhi and Katsavounidis, Ioannis and Huang, Te-Yuan and Ekanadham, Chaitanya and Bovik, Alan C},
  journal={arXiv preprint arXiv:1808.03898},
  year={2018}
}

@article{PrimacyVsRecency,
  author = {J. Greene, A},
  year = {2000},
  month = {01},
  pages = {48-57},
  title = {Primacy Versus Recency in a Quantitative Model: Activity Is the Critical Distinction},
  volume = {7},
  journal = {Learning {\&} Memory},
  doi = {10.1101/lm.7.1.48}
}

@article{SerialPositionEffect_FreeRecall,
  address = {US},
  author = {{Murdock Jr.}, Bennet B},
  doi = {10.1037/h0045106},
  issn = {0022-1015(Print)},
  journal = {Journal of Experimental Psychology},
  keywords = {*Free Recall,*Retroactive Inhibition,Serial Position Effect},
  number = {5},
  pages = {482--488},
  publisher = {American Psychological Association},
  title = {{The serial position effect of free recall.}},
  volume = {64},
  year = {1962}
}

@article{RehearsalProcessesInFreeRecall,
  address = {US},
  author = {Rundus, Dewey},
  doi = {10.1037/h0031185},
  issn = {0022-1015(Print)},
  journal = {Journal of Experimental Psychology},
  keywords = {*Practice,Recall (Learning)},
  number = {1},
  pages = {63--77},
  publisher = {American Psychological Association},
  title = {{Analysis of rehearsal processes in free recall.}},
  volume = {89},
  year = {1971}
}

@article{AgingAndMemoryInHumans,
  author = {Brickman, A.M. and Stern, Yaakov},
  year = {2010},
  month = {01},
  pages = {175-180},
  title = {Aging and Memory in Humans},
  volume = {1},
  journal = {Sage Encyclopedia of Neuroscience},
  doi = {10.1016/B978-008045046-9.00745-2}
}

%/====================================================================================
%/ Content
%/====================================================================================
@article{DegreeOfLiking_SOS,
  author = {Ho{\ss}feld, Tobias and Schatz, Raimund and Egger, Sebastian},
  doi = {10.1109/QoMEX.2011.6065690},
  isbn = {9781457713354},
  journal = {2011 3rd International Workshop on Quality of Multimedia Experience, QoMEX 2011},
  keywords = {MOS,QoE representation,SOS hypothesis,diversity of user ratings,subjective tests},
  pages = {131--136},
  title = {{SOS: The MOS is not enough!}},
  year = {2011}
}

@incollection{VisualContent,
  title={Visual Content Indexing and Retrieval with Psycho-Visual Models},
  author={Le Callet, Patrick and Benois-Pineau, Jenny},
  booktitle={Visual Content Indexing and Retrieval with Psycho-Visual Models},
  pages={1--10},
  year={2017},
  publisher={Springer}
}

@inproceedings{QoSImpactUserVideoClips,
  author = {Ghinea, G. and Thomas, J. P.},
  title = {QoS Impact on User Perception and Understanding of Multimedia Video Clips},
  booktitle = {Proceedings of the Sixth ACM International Conference on Multimedia},
  series = {MULTIMEDIA '98},
  year = {1998},
  isbn = {0-201-30990-4},
  location = {Bristol, United Kingdom},
  pages = {49--54},
  numpages = {6},
  url = {http://doi.acm.org/10.1145/290747.290754},
  doi = {10.1145/290747.290754},
  acmid = {290754},
  publisher = {ACM},
  address = {New York, NY, USA},
  keywords = {QoS, multimedia, user perception, user understanding},
}

@article{QoEEvaluation_IPTV_Services,
  author = {Ries, Michal and Froehlich, Peter and Schatz, Raimund},
  doi = {10.1109/RADIOELEK.2011.5936485},
  isbn = {9781612843223},
  journal = {Proceedings of 21st International Conference, Radioelektronika 2011},
  keywords = {QoE,high definition IPTV,methodology of subjective assessment},
  pages = {15--20},
  publisher = {IEEE},
  title = {{QoE evaluation of high-definition IPTV services}},
  year = {2011}
}

@article{SubjectiveQualityPairedComparison,
  author = {Lee, Jong Seok and {De Simone}, Francesca and Ebrahimi, Touradj},
  doi = {10.1109/TMM.2011.2157333},
  issn = {15209210},
  journal = {IEEE Transactions on Multimedia},
  keywords = {Bradley-Terry model,content distribution,multimedia quality assessment,paired comparison,scalable video coding,subjective test},
  number = {5},
  pages = {882--893},
  publisher = {IEEE},
  title = {{Subjective quality evaluation VIA paired comparison: Application to scalable video coding}},
  volume = {13},
  year = {2011}
}

@article{OptimizeQoE_ViewerInterest,
  author = {Gao, Guanyu and Zhang, Huaizheng and Hu, Han and Wen, Yonggang and Cai, Jianfei and Luo, Chong and Zeng, Wenjun},
  doi = {10.1109/TMM.2018.2838330},
  issn = {1520-9210},
  journal = {IEEE Transactions on Multimedia},
  month = {dec},
  number = {12},
  pages = {3399--3413},
  title = {{Optimizing Quality of Experience for Adaptive Bitrate Streaming via Viewer Interest Inference}},
  url = {https://ieeexplore.ieee.org/document/8361841/},
  volume = {20},
  year = {2018}
}

@ARTICLE{QoeModel_CI_ExpectationConfirmationTheory, 
  author={Z. {Duanmu} and K. {Ma} and Z. {Wang}}, 
  journal={IEEE Transactions on Image Processing}, 
  title={Quality-of-Experience for Adaptive Streaming Videos: An Expectation Confirmation Theory Motivated Approach}, 
  year={2018}, 
  volume={27}, 
  number={12}, 
  pages={6135-6146}, 
  doi={10.1109/TIP.2018.2855403}, 
  ISSN={1057-7149}, 
  month={Dec},
}

@article{EyeTracking,
  author = {Gulliver, Stephen R. and Ghinea, Gheorghita},
  doi = {10.1109/TSMCA.2004.826309},
  issn = {10834427},
  journal = {IEEE Transactions on Systems, Man, and Cybernetics Part A:Systems and Humans.},
  number = {4},
  pages = {472--482},
  title = {{Stars in their eyes: What eye-tracking reveals about multimedia perceptual quality}},
  volume = {34},
  year = {2004}
}

%/====================================================================================
%/ Cumulative QoE models
%/====================================================================================
@inproceedings{CumulativeQoE_Assessing,
  author = {{Jingteng Xue} and {Dong-Qing Zhang} and {Heather Yu} and {Chang Wen Chen}},
  booktitle = {2014 IEEE International Conference on Multimedia and Expo Workshops (ICMEW)},
  doi = {10.1109/ICMEW.2014.6890604},
  isbn = {978-1-4799-4717-1},
  month = {jul},
  pages = {1--6},
  publisher = {IEEE},
  title = {{Assessing quality of experience for adaptive HTTP video streaming}},
  url = {http://ieeexplore.ieee.org/document/6890604/},
  year = {2014}
}

@INPROCEEDINGS{CumulativeQuaityModel, 
  author={H. T. T. {Tran} and N. P. {Ngoc} and T. {Hoßfeld} and T. C. {Thang}}, 
  booktitle={2018 Tenth International Conference on Quality of Multimedia Experience (QoMEX)}, 
  title={A Cumulative Quality Model for HTTP Adaptive Streaming}, 
  year={2018}, 
  volume={}, 
  number={}, 
  pages={1-6}, 
  doi={10.1109/QoMEX.2018.8463414}, 
  ISSN={2472-7814}, 
  month={May}
}

%/====================================================================================
%/ Others
%/====================================================================================

%/====================================================================================
%/ Others
%/====================================================================================
@article{ITUT_P913,
  author = {ITU-T},
  doi = {10.1109/URSI-AT-RASC.2015.7303081},
   isbn = {9789090086286},
  issn = {13921215},
  journal = {Recommendation ITU-T P.913},
  keywords = {913,P,P.913},
  title = {{Methods for the Subjective Assessment of Video Quality, Audio Quality and Audiovisual Quality of Internet Video and Distribution Quality Television in any Environment}},
  url = {https://www.itu.int/rec/T-REC-P.913-201401-I/en},
  year = {2016}
}

@inproceedings{TemporalHysteresisModel,
  author = {Seshadrinathan, Kalpana and Bovik, Alan C.},
  booktitle = {2011 IEEE International Conference on Acoustics, Speech and Signal Processing (ICASSP)},
  doi = {10.1109/ICASSP.2011.5946613},
  isbn = {978-1-4577-0538-0},
  month = {may},
  pages = {1153--1156},
  publisher = {IEEE},
  title = {{Temporal hysteresis model of time varying subjective video quality}},
  url = {http://ieeexplore.ieee.org/document/5946613/},
  year = {2011}
}


@article{AndroidDeployment,
  title={Guidelines and benchmarks for deployment of deep learning models on smartphones as real-time apps},
  author={Sehgal, Abhishek and Kehtarnavaz, Nasser},
  journal={Machine Learning and Knowledge Extraction},
  volume={1},
  number={1},
  pages={450--465},
  year={2019},
  publisher={Multidisciplinary Digital Publishing Institute}
}

@ARTICLE{QoEModel_Wireless,
  author={W. {Shi} and Y. {Sun} and J. {Pan}},
  journal={IEEE Access},
  title={Continuous Prediction for Quality of Experience in Wireless Video Streaming},
  year={2019},
  volume={7},
  number={},
  pages={70343-70354},
}

@inproceedings{EfficientNN,
  title={Learning both weights and connections for efficient neural network},
  author={Han, Song and Pool, Jeff and Tran, John and Dally, William},
  booktitle={Advances in neural information processing systems},
  pages={1135--1143},
  year={2015}
}
@inproceedings{ClipQ,
  title={Clip-q: Deep network compression learning by in-parallel pruning-quantization},
  author={Tung, Frederick and Mori, Greg},
  booktitle={Proceedings of the IEEE Conference on Computer Vision and Pattern Recognition},
  pages={7873--7882},
  year={2018}
}

@article{CiscoIndex,
  title={Cisco visual networking index: Forecast and methodology, 2016--2021},
  author={Index, Cisco Visual Networking},
  journal={Complete Visual Networking Index (VNI) Forecast},
  volume={12},
  number={1},
  pages={749--759},
  year={2017}
}


@misc{Lib_Tensorflow,
title={{TensorFlow}: Large-Scale Machine Learning on Heterogeneous Systems},
url={http://tensorflow.org/},
note={Software available from tensorflow.org},
author={
    Mart\'{\i}n~Abadi and
    Ashish~Agarwal and
    Paul~Barham and
    Eugene~Brevdo and
    Zhifeng~Chen and
    Craig~Citro and
    Greg~S.~Corrado and
    Andy~Davis and
    Jeffrey~Dean and
    Matthieu~Devin and
    Sanjay~Ghemawat and
    Ian~Goodfellow and
    Andrew~Harp and
    Geoffrey~Irving and
    Michael~Isard and
    Yangqing Jia and
    Rafal~Jozefowicz and
    Lukasz~Kaiser and
    Manjunath~Kudlur and
    Josh~Levenberg and
    Dan~Man\'{e} and
    Rajat~Monga and
    Sherry~Moore and
    Derek~Murray and
    Chris~Olah and
    Mike~Schuster and
    Jonathon~Shlens and
    Benoit~Steiner and
    Ilya~Sutskever and
    Kunal~Talwar and
    Paul~Tucker and
    Vincent~Vanhoucke and
    Vijay~Vasudevan and
    Fernanda~Vi\'{e}gas and
    Oriol~Vinyals and
    Pete~Warden and
    Martin~Wattenberg and
    Martin~Wicke and
    Yuan~Yu and
    Xiaoqiang~Zheng},
  year={2015},
}
@misc{Lib_Keras,
  title={Keras},
  author={Chollet, Fran\c{c}ois and others},
  year={2015},
  howpublished={\url{https://keras.io}},
}

@INPROCEEDINGS{MeasuringQoEOfHTTP,
  author={R. K. P. {Mok} and E. W. W. {Chan} and R. K. C. {Chang}},
  booktitle={12th IFIP/IEEE International Symposium on Integrated Network Management (IM 2011) and Workshops},
  title={Measuring the quality of experience of HTTP video streaming},
  year={2011},
  volume={},
  number={},
  pages={485-492},
  doi={10.1109/INM.2011.5990550},
  ISSN={1573-0077},
  month={May},
}
@article{FeaturePredictionQoE,
  author = {Bampis, Christos G. and Bovik, Alan C.},
  doi = {10.1016/j.image.2018.05.017},
  issn = {09235965},
  journal = {Signal Processing: Image Communication},
  keywords = {Adaptive video streaming,Perceptual video quality assessment,QoE prediction},
  number = {May},
  pages = {218--228},
  publisher = {Elsevier Ltd},
  title = {{Feature-based prediction of streaming video QoE: Distortions, stalling and memory}},
  url = {https://doi.org/10.1016/j.image.2018.05.017},
  volume = {68},
  year = {2018}
}

@article{FFmpeg,
  title={FFmpeg multimedia system},
  author={Bellard, Fabrice},
  journal={FFmpeg. [Last accessed: June 2019]. https://www.ffmpeg.org/about.html},
  year={2005}
}

@book{MATLAB, 
  year = {2019}, 
  author = {MATLAB}, 
  title = {version 9.6.0 (R2019a)}, 
  publisher = {The MathWorks Inc.}, 
  address = {Natick, Massachusetts} 
}